@article{okoli2009,
	author = "Okoli, Chitu", 
	doi = "10.1109/ICDS.2009.28", 
	journal = "Third International Conference on Digital Society", 
	title = "A Brief Review of Studies of Wikipedia in Peer-Reviewed Journals", 
	url = "http://chitu.okoli.org/images/stories/bios/pro/research/open/Okoli2009ICDS.pdf", 
	year = "2009", 
}
@article{niu2012,
	author = "Niu, Jinfang", 
	issue = "3/4", 
	journal = "D-Lib Magazine", 
	title = "An Overview of Web Archiving", 
	url = "http://www.dlib.org/dlib/march12/niu/03niu1.html", 
	volume = "18", 
	year = "2012", 
}
@article{lawrence2001,
	author = "Lawrence, Steve and Pennock, David M. and Flake, Gary William and Krovetz, Robert and Coetzee, Frans M. and Glover, Eric and Nielsen, Finn Årup and Kruger, Andries and Giles, C. Lee", 
	doi = "10.1109/2.901164", 
	journal = "Computer", 
	month = "February", 
	title = "Persistence of Web References in Scientific Research", 
	url = "http://clgiles.ist.psu.edu/papers/Computer-2001-web-references.pdf", 
	volume = "34", 
	year = "2001", 
}
@InProceedings{popitsch2010,
	author = "Popitsch, Niko and Mosser, Robert and Philipp, Wolfgang", 
	booktitle = "IPRES 2010", 
	month = "September", 
	title = "Urobe: a prototype for wiki preservation", 
	url = "http://www.ifs.tuwien.ac.at/dp/ipres2010/papers/popitsch-52.pdf", 
	year = "2010", 
}
@InProceedings{stuckman2009,
	author = "Jeff Stuckman and James Purtilo",
	booktitle = "WikiSym '09", 
	title = "Measuring the Wikisphere", 
	url = "https://dl.acm.org/citation.cfm?doid=1641309.1641326", 
	year = "2009", 
}
Es un estudio de 151 wikis de Internet que usan MediaWiki. A través de una herramienta que descarga los datos,  WikiCrawler, se analizan estas comunidades. Descubre que en los wikis estudiados se repite un patrón en el que los niveles de contribución de sus usuarios son muy desiguales, con una pequeña cantidad de usuarios aportando una gran cantidad de trabajo.
